%YAML 1.1
%TAG !u! tag:unity3d.com,2011:
--- !u!1 &805429355
GameObject:
  m_ObjectHideFlags: 0
  m_CorrespondingSourceObject: {fileID: 0}
  m_PrefabInstance: {fileID: 0}
  m_PrefabAsset: {fileID: 0}
  serializedVersion: 6
  m_Component:
  - component: {fileID: 805429356}
  - component: {fileID: 805429359}
  - component: {fileID: 805429358}
  - component: {fileID: 805429357}
  m_Layer: 0
  m_Name: Voice Chat
  m_TagString: Untagged
  m_Icon: {fileID: 0}
  m_NavMeshLayer: 0
  m_StaticEditorFlags: 0
  m_IsActive: 1
--- !u!4 &805429356
Transform:
  m_ObjectHideFlags: 0
  m_CorrespondingSourceObject: {fileID: 0}
  m_PrefabInstance: {fileID: 0}
  m_PrefabAsset: {fileID: 0}
  m_GameObject: {fileID: 805429355}
  m_LocalRotation: {x: 0, y: 0, z: 0, w: 1}
  m_LocalPosition: {x: 0, y: 0, z: 0}
  m_LocalScale: {x: 1, y: 1, z: 1}
  m_ConstrainProportionsScale: 0
  m_Children: []
  m_Father: {fileID: 8983550469087565454}
  m_RootOrder: -1
  m_LocalEulerAnglesHint: {x: 0, y: 0, z: 0}
--- !u!114 &805429359
MonoBehaviour:
  m_ObjectHideFlags: 0
  m_CorrespondingSourceObject: {fileID: 0}
  m_PrefabInstance: {fileID: 0}
  m_PrefabAsset: {fileID: 0}
  m_GameObject: {fileID: 805429355}
  m_Enabled: 1
  m_EditorHideFlags: 0
  m_Script: {fileID: 11500000, guid: e272fefa37d30c443989043d4e0f08bc, type: 3}
  m_Name: 
  m_EditorClassIdentifier: 
  handleMultipleInstances: 0
  persistant: 0
  muteLocalToggle: {fileID: 0}
  muteOthersToggle: {fileID: 0}
  reliableTransmissionToggle: {fileID: 0}
  remoteSpeakersParent: {fileID: 0}
  remoteSpeakerPrefab: {fileID: 5004487514762207066, guid: d6517a0d767c5394d8cd15069dafa3fc, type: 3}
  recorder: {fileID: 805429357}
  listener: {fileID: 805429358}
--- !u!114 &805429358
MonoBehaviour:
  m_ObjectHideFlags: 0
  m_CorrespondingSourceObject: {fileID: 0}
  m_PrefabInstance: {fileID: 0}
  m_PrefabAsset: {fileID: 0}
  m_GameObject: {fileID: 805429355}
  m_Enabled: 1
  m_EditorHideFlags: 0
  m_Script: {fileID: 11500000, guid: 046a7347a93740943a8bd395bf81e297, type: 3}
  m_Name: 
  m_EditorClassIdentifier: 
  startListenOnAwake: 1
--- !u!114 &805429357
MonoBehaviour:
  m_ObjectHideFlags: 0
  m_CorrespondingSourceObject: {fileID: 0}
  m_PrefabInstance: {fileID: 0}
  m_PrefabAsset: {fileID: 0}
  m_GameObject: {fileID: 805429355}
  m_Enabled: 1
  m_EditorHideFlags: 0
  m_Script: {fileID: 11500000, guid: 871db227761936c4982e00c060f15de6, type: 3}
  m_Name: 
  m_EditorClassIdentifier: 
  _microphoneDevice: 
  _averageVoiceLevel: 0
  _isMuted: 0
  recording: 0
  debugEcho: 0
--- !u!1 &2012803173838824453
GameObject:
  m_ObjectHideFlags: 0
  m_CorrespondingSourceObject: {fileID: 0}
  m_PrefabInstance: {fileID: 0}
  m_PrefabAsset: {fileID: 0}
  serializedVersion: 6
  m_Component:
  - component: {fileID: 5211731759658324118}
  - component: {fileID: 2280547890385800368}
  - component: {fileID: 1559403095065725091}
  - component: {fileID: 5363936455688464340}
  - component: {fileID: 36857777772558573}
  m_Layer: 0
  m_Name: Friends Menus
  m_TagString: Untagged
  m_Icon: {fileID: 0}
  m_NavMeshLayer: 0
  m_StaticEditorFlags: 0
  m_IsActive: 1
--- !u!4 &5211731759658324118
Transform:
  m_ObjectHideFlags: 0
  m_CorrespondingSourceObject: {fileID: 0}
  m_PrefabInstance: {fileID: 0}
  m_PrefabAsset: {fileID: 0}
  m_GameObject: {fileID: 2012803173838824453}
  m_LocalRotation: {x: 0, y: 0, z: 0, w: 1}
  m_LocalPosition: {x: 0, y: 0, z: 0}
  m_LocalScale: {x: 1, y: 1, z: 1}
  m_ConstrainProportionsScale: 0
  m_Children: []
  m_Father: {fileID: 8983550469087565454}
  m_RootOrder: -1
  m_LocalEulerAnglesHint: {x: 0, y: 0, z: 0}
--- !u!114 &2280547890385800368
MonoBehaviour:
  m_ObjectHideFlags: 0
  m_CorrespondingSourceObject: {fileID: 0}
  m_PrefabInstance: {fileID: 0}
  m_PrefabAsset: {fileID: 0}
  m_GameObject: {fileID: 2012803173838824453}
  m_Enabled: 1
  m_EditorHideFlags: 0
  m_Script: {fileID: 11500000, guid: 77d96a8c9693f764491aa4b441660980, type: 3}
  m_Name: 
  m_EditorClassIdentifier: 
  handleMultipleInstances: 0
  persistant: 0
  sendButton: {fileID: 0}
--- !u!114 &1559403095065725091
MonoBehaviour:
  m_ObjectHideFlags: 0
  m_CorrespondingSourceObject: {fileID: 0}
  m_PrefabInstance: {fileID: 0}
  m_PrefabAsset: {fileID: 0}
  m_GameObject: {fileID: 2012803173838824453}
  m_Enabled: 1
  m_EditorHideFlags: 0
  m_Script: {fileID: 11500000, guid: d9d69cc9e21a70d43bdca15f6feccbf1, type: 3}
  m_Name: 
  m_EditorClassIdentifier: 
  handleMultipleInstances: 0
  persistant: 0
  addFriendRequestInfoIndicatorPrefab: {fileID: 5465679877896639709, guid: e409ea85f91c60a488247b58cf8671da, type: 3}
  addFriendRequestInfoIndicatorsParent: {fileID: 0}
--- !u!114 &5363936455688464340
MonoBehaviour:
  m_ObjectHideFlags: 0
  m_CorrespondingSourceObject: {fileID: 0}
  m_PrefabInstance: {fileID: 0}
  m_PrefabAsset: {fileID: 0}
  m_GameObject: {fileID: 2012803173838824453}
  m_Enabled: 1
  m_EditorHideFlags: 0
  m_Script: {fileID: 11500000, guid: 783788e171f75ec429fadb00cd196986, type: 3}
  m_Name: 
  m_EditorClassIdentifier: 
  handleMultipleInstances: 0
  persistant: 0
  friendInfoIndicatorPrefab: {fileID: 4995976878023549359, guid: 96dc1605a5dcb154ca455530094f8403, type: 3}
  friendInfoIndicatorsParent: {fileID: 0}
  maxFriendInfoIndicatorsPerPage: 5
  currentPageText: {fileID: 0}
--- !u!114 &36857777772558573
MonoBehaviour:
  m_ObjectHideFlags: 0
  m_CorrespondingSourceObject: {fileID: 0}
  m_PrefabInstance: {fileID: 0}
  m_PrefabAsset: {fileID: 0}
  m_GameObject: {fileID: 2012803173838824453}
  m_Enabled: 1
  m_EditorHideFlags: 0
  m_Script: {fileID: 11500000, guid: 284ceba5233cf744689e5e58febbd776, type: 3}
  m_Name: 
  m_EditorClassIdentifier: 
  handleMultipleInstances: 0
  persistant: 0
  sendButton: {fileID: 0}
  inviteFriendEntryPrefab: {fileID: 754414537552820106, guid: e0a7278412199cd4893b355682622d3a, type: 3}
  inviteFriendEntriesParent: {fileID: 0}
  inviteRequestPrefab: {fileID: 5421839297433987786, guid: 7fbcd34bd5e367c409840a9339c861a3, type: 3}
  inviteRequestsParentIfInGame: {fileID: 0}
  inviteRequestsParentIfNotInGame: {fileID: 0}
  partyMemberInfoIndicatorPrefab: {fileID: 7590851501406834912, guid: fdf4bd0f0a92b9b4c9fa36724bd17bad, type: 3}
  partyMemberInfoIndicatorsParent: {fileID: 0}
--- !u!1 &6682156823730187753
GameObject:
  m_ObjectHideFlags: 0
  m_CorrespondingSourceObject: {fileID: 0}
  m_PrefabInstance: {fileID: 0}
  m_PrefabAsset: {fileID: 0}
  serializedVersion: 6
  m_Component:
  - component: {fileID: 8983550469087565454}
  - component: {fileID: 1096620315999487371}
  m_Layer: 0
  m_Name: Network Manager
  m_TagString: Untagged
  m_Icon: {fileID: 0}
  m_NavMeshLayer: 0
  m_StaticEditorFlags: 2147483647
  m_IsActive: 1
--- !u!4 &8983550469087565454
Transform:
  m_ObjectHideFlags: 0
  m_CorrespondingSourceObject: {fileID: 0}
  m_PrefabInstance: {fileID: 0}
  m_PrefabAsset: {fileID: 0}
  m_GameObject: {fileID: 6682156823730187753}
  m_LocalRotation: {x: 0, y: 0, z: 0, w: 1}
  m_LocalPosition: {x: 0, y: 0, z: 0}
  m_LocalScale: {x: 1, y: 1, z: 1}
  m_ConstrainProportionsScale: 0
  m_Children:
  - {fileID: 805429356}
  - {fileID: 5211731759658324118}
  m_Father: {fileID: 0}
  m_RootOrder: -1
  m_LocalEulerAnglesHint: {x: 0, y: 0, z: 0}
--- !u!114 &1096620315999487371
MonoBehaviour:
  m_ObjectHideFlags: 0
  m_CorrespondingSourceObject: {fileID: 0}
  m_PrefabInstance: {fileID: 0}
  m_PrefabAsset: {fileID: 0}
  m_GameObject: {fileID: 6682156823730187753}
  m_Enabled: 0
  m_EditorHideFlags: 0
  m_Script: {fileID: 11500000, guid: ba2df739502112e45b8027fc940e8666, type: 3}
  m_Name: 
  m_EditorClassIdentifier: 
  handleMultipleInstances: 0
  persistant: 0
  updateGameRequestsInterval: 3
